<?xml version="1.0" encoding="UTF-8"?><record xmlns="http://www.loc.gov/MARC21/slim" xmlns:cinclude="http://apache.org/cocoon/include/1.0" xmlns:zs="http://www.loc.gov/zing/srw/">
  <leader>00322cz  a2200121n  4500</leader>
  <controlfield tag="001">n  88229360 </controlfield>
  <controlfield tag="003">DLC</controlfield>
  <controlfield tag="005">19900315130919.5</controlfield>
  <controlfield tag="008">900228n| acannaab|          |n aaa |||  </controlfield>
  <datafield tag="010" ind1=" " ind2=" ">
    <subfield code="a">n  88229360 </subfield>
  </datafield>
  <datafield tag="040" ind1=" " ind2=" ">
    <subfield code="a">DLC</subfield>
    <subfield code="c">DLC</subfield>
    <subfield code="d">DLC</subfield>
  </datafield>
  <datafield tag="100" ind1="1" ind2="0">
    <subfield code="a">Senior, Helen</subfield>
  </datafield>
  <datafield tag="670" ind1=" " ind2=" ">
    <subfield code="a">Chinery, M. Butterfly, c1991:</subfield>
    <subfield code="b">CIP t.p. (Helen Senior; illustrator)</subfield>
  </datafield>
</record>